<record><leader>00000cas a22000007a 4500</leader><controlfield tag="001">17525697</controlfield><controlfield tag="008">880223d18751920ohuwr ne      0    0eng d</controlfield><datafield ind1=" " ind2=" " tag="010"><subfield code="a">sn 88078265 </subfield></datafield><datafield ind1=" " ind2=" " tag="040"><subfield code="a">ONP</subfield><subfield code="b">eng</subfield><subfield code="c">ONP</subfield><subfield code="d">OCLCQ</subfield></datafield><datafield ind1=" " ind2=" " tag="042"><subfield code="a">msc</subfield></datafield><datafield ind1="0" ind2=" " tag="130"><subfield code="a">Steubenville weekly gazette (Steubenville, Ohio : 1875)</subfield></datafield><datafield ind1="1" ind2="4" tag="245"><subfield code="a">The Steubenville weekly gazette.</subfield></datafield><datafield ind1=" " ind2=" " tag="260"><subfield code="a">Steubenville, Ohio :</subfield><subfield code="b">McFadden &amp; Hunter,</subfield><subfield code="c">1875-</subfield></datafield><datafield ind1=" " ind2=" " tag="300"><subfield code="a">v.</subfield></datafield><datafield ind1=" " ind2=" " tag="310"><subfield code="a">Weekly</subfield></datafield><datafield ind1="0" ind2=" " tag="362"><subfield code="a">New ser., v. 1, no. 1 (Feb. 19, 1875)-</subfield></datafield><datafield ind1="1" ind2=" " tag="362"><subfield code="a">Ceased with July 29, 1920 issue?</subfield></datafield><datafield ind1=" " ind2=" " tag="752"><subfield code="a">United States</subfield><subfield code="b">Ohio</subfield><subfield code="c">Jefferson</subfield><subfield code="d">Steubenville.</subfield></datafield><datafield ind1="0" ind2=" " tag="775"><subfield code="t">Steubenville daily gazette</subfield><subfield code="w">(DLC)sn 84024203</subfield></datafield><datafield ind1="0" ind2="0" tag="780"><subfield code="t">Steubenville gazette (Steubenville, Ohio : 1874)</subfield><subfield code="w">(DLC)sn 88078266</subfield></datafield></record>